@inproceedings{DArgenio2002,
 author = {D'Argenio, Pedro R. and Jeannet, Bertrand and Jensen, Henrik Ejersbo and Larsen, Kim Guldstrand},
 title = {Reduction and Refinement Strategies for Probabilistic Analysis},
 booktitle = {Proceedings of the Second Joint International Workshop on Process Algebra and Probabilistic Methods, Performance Modeling and Verification},
 series = {PAPM-PROBMIV '02},
 year = {2002},
 isbn = {3-540-43913-7},
 pages = {57--76},
 numpages = {20},
 publisher = {Springer-Verlag},
 address = {London, UK},
} 
@INPROCEEDINGS{Jonsson1991a,
author = {Jonsson, B and Larsen, K G}, 
booktitle={Proceedings Sixth Annual IEEE Symposium on Logic in Computer Science}, 
title={Specification and refinement of probabilistic processes}, 
year={1991}, 
pages={266-277},  
doi={10.1109/LICS.1991.151651}, 
month={July},}


@inproceedings{LS89,
 author = {Larsen, K. G. and Skou, A.},
 title = {Bisimulation Through Probabilistic Testing (Preliminary Report)},
 booktitle = {Proceedings of the 16th ACM SIGPLAN-SIGACT Symposium on Principles of Programming Languages},
 series = {POPL '89},
 year = {1989},
 isbn = {0-89791-294-2},
 location = {Austin, Texas, USA},
 pages = {344--352},
 numpages = {9},
 url = {http://doi.acm.org/10.1145/75277.75307},
 doi = {10.1145/75277.75307},
 acmid = {75307},
 publisher = {ACM},
 address = {New York, NY, USA},
} 

@inproceedings{pnueli1977temporal,
  title={The temporal logic of programs},
  author={Pnueli, Amir},
  booktitle={Symposium on Foundations of Computer Science},
  pages={46--57},
  year={1977},
  organization={IEEE}
}
@misc{dijkstra1970notes,
  title={Notes on structured programming},
  author={Dijkstra, Edsger Wybe},
  year={1970},
  publisher={Technological University, Department of Mathematics}
}

@article{keller1976formal,
  title={Formal verification of parallel programs},
  author={Keller, Robert M},
  journal={Communications of the ACM},
  volume={19},
  number={7},
  pages={371--384},
  year={1976},
  publisher={ACM}
}

@article{atkinson1993optimum,
  title={Optimum experimental designs for properties of a compartmental model},
  author={Atkinson, Anthony C and Chaloner, Kathryn and Herzberg, Agnes M and Juritz, June},
  journal={Biometrics},
  pages={325--337},
  year={1993},
  publisher={JSTOR}
}
@article{SchGah97,
   author = {Scherer, C.W. and Gahinet, P. and Chilali, M.},
   title = {Multi-objective output-feedback control via {LMI} optimization},
   journal = {IEEE Transactions on Automatic Control},
   volume = {42},
   pages = {896-911},
   year = {1997}
}

@inproceedings{cimatti2012formal,
  title={Formal verification and validation of ERTMS industrial railway train spacing system},
  author={Cimatti, Alessandro and Corvino, Raffaele and Lazzaro, Armando and Narasamdya, Iman and Rizzo, Tiziana and Roveri, Marco and Sanseviero, Angela and Tchaltsev, Andrei},
  booktitle={International Conference on Computer Aided Verification},
  pages={378--393},
  year={2012},
  organization={Springer}
}

 
@inproceedings{SofieECC,
  title={Experiment design for formal verification via stochastic optimal control},
  author={Haesaert, Sofie and Van den Hof, Paul MJ and Abate, Alessandro},
  booktitle={Control Conference (ECC), 2016 European},
  pages={427--432},
  year={2016},
  organization={IEEE}
}

@article{chaloner1995bayesian,
  title={Bayesian experimental design: A review},
  author={Chaloner, Kathryn and Verdinelli, Isabella},
  journal={Statistical Science},
  pages={273--304},
  year={1995},
  publisher={JSTOR}
}
@article{Remi, 
author = {Munos,   R{\'{e}}mi   and Szepesv{\'{a}}ri, Csaba },
journal = {Journal in Machine Learning Research},
pages = {815--857},
title = {{Finite Time Bounds for Fitted Value Iteration}},
volume = {9},
year = {2008}
}



@article{Huan2016,
archivePrefix = {arXiv},
arxivId = {1604.08320},
author = {Huan, Xun and Marzouk, Youssef M.},
eprint = {1604.08320},
month = {apr},
  journal   = {CoRR},
  volume    = {abs/1404.7073},
pages = {34},
title = {{Sequential Bayesian optimal experimental design via approximate dynamic programming}},
 year = {2016}
}




@inproceedings{Schupp2015,
  title={Current challenges in the verification of hybrid systems},
  author={Schupp, Stefan and {\'A}brah{\'a}m, Erika and Chen, Xin and Makhlouf, Ibtissem Ben and Frehse, Goran and Sankaranarayanan, Sriram and Kowalewski, Stefan},
  booktitle={International Workshop on Design, Modeling, and Evaluation of Cyber Physical Systems},
  pages={8--24},
  year={2015},
  organization={Springer}
}


@inproceedings{DBLP:conf/qest/HaesaertAH16,
  author    = {Sofie Haesaert and
               Alessandro Abate and
               Paul M. J. {Van den Hof}},
  editor    = {Gul Agha and
               Benny Van Houdt},
  title     = {Verification of General Markov Decision Processes by Approximate Similarity Relations and Policy Refinement},
  booktitle = {Quantitative Evaluation of Systems - 13th International Conference,
               {QEST} 2016, Quebec City, QC, Canada, August 23-25, 2016, Proceedings},
  series    = {Lecture Notes in Computer Science},
  volume    = {9826},
  pages     = {227--243},
  publisher = {Springer},
  year      = {2016},
   timestamp = {Wed, 03 Aug 2016 15:05:27 +0200},
  biburl    = {http://dblp.uni-trier.de/rec/bib/conf/qest/HaesaertAH16},
  bibsource = {dblp computer science bibliography, http://dblp.org}
}

@article{haesaert_data-driven_2017,
	title = {Data-driven and model-based verification via {Bayesian} identification and reachability analysis},
	volume = {79},
	doi = {10.1016/j.automatica.2017.01.037},
	journal = {Automatica},
	author = {Haesaert, Sofie and Hof, Paul M. J. Van den and Abate, Alessandro},
	year = {2017},
	pages = {115--126}
}
@inproceedings{puri1994decidability,
  title={Decidability of hybrid systems with rectangular differential inclusions},
  	Volume = {818},
  author={Puri, Anuj and Varaiya, Pravin},
  booktitle={International Conference on Computer Aided Verification},
  pages={95--104},
  year={1994},
Publisher = {Springer Berlin Heidelberg},
	Series = {Lecture Notes in Computer Science},
	Editor = {Dill, David L.},

}


%%%%%%%%



@article{cramer1946methods,
  title={Methods of mathematical statistics},
  author={Cram{\'e}r, Harald},
  journal={Princeton: Princeton University Press},
  year={1946}
}

@ARTICLE{Zarrop1979, 
author={M. Zarrop}, 
journal={IEEE Transactions on Automatic Control}, 
title={A Chebyshev system approach to optimal input design}, 
year={1979}, 
volume={24}, 
number={5}, 
pages={687-698}, 
keywords={Chebyshev functions;Linear systems, stochastic;Parameter estimation;Stochastic systems, linear;Chebyshev approximation;Covariance matrix;Helium;Parameter estimation;Power generation;Signal design;Signal generators;Signal processing;Sufficient conditions;System testing}, 
 month={Oct},}


 @article{GEVERS2005,
title = "Identification for Control: From the Early Achievements to the Revival of Experiment Design",
journal = "European Journal of Control",
volume = "11",
number = "4",
pages = "335 - 352",
year = "2005",
author = "Michel Gevers",
keywords = "Closed-Loop Identification",
keywords = "Identification for Control",
}


@article{FuT14,
  author    = {Jie Fu and
               Ufuk Topcu},
  title     = {Probably Approximately Correct {MDP} Learning and Control With Temporal
               Logic Constraints},
  journal   = {CoRR},
  volume    = {abs/1404.7073},
  year      = {2014},
  }


@book{Franklin,
 author = {Franklin, Gene F. and Powell, David J. and Emami-Naeini, Abbas},
 title = {Feedback Control of Dynamic Systems},
 year = {2001},
 isbn = {0130323934},
 edition = {4th},
 publisher = {Prentice Hall PTR},
 address = {Upper Saddle River, NJ, USA},
}


@article{Gosavi2009,
author = {Abhijit Gosavi},
title = {Reinforcement Learning: A Tutorial Survey and Recent Advances},
journal = {INFORMS Journal on Computing},
volume = {21},
number = {2},
pages = {178-192},
year = {2009},
}

% chap 45

@inproceedings{tkachev2011infinite,
  title={On infinite-horizon probabilistic properties and stochastic bisimulation functions},
  author={Tkachev, Ilya and Abate, Alessandro},
  booktitle={2011 50th IEEE Conference on Decision and Control and European Control Conference},
  pages={526--531},
  year={2011},
  organization={IEEE}
}
@article{tabuada2006linear, 
author = {Tabuada, Paulo and Pappas, George J.}, 
number = {12},
pages = {1862--1877},
publisher = {IEEE},
  journal={ IEEE Transactions on Automatic Control},
title = {{Linear time logic control of discrete-time linear systems}},
volume = {51},
year = {2006}
}




@incollection{Clarke2008,
	title={The birth of model checking},
  author={Clarke, Edmund M},
  booktitle={25 Years of Model Checking},
  pages={1--26},
  year={2008},
  publisher={Springer}
}


@book{franklin1998digital,
  title={Digital control of dynamic systems},
  author={Franklin, Gene F and Powell, J David and Workman, Michael L}, 
  edition={Second},
  year={1990},
  publisher={Addison-Wesley Menlo Park}
}


@article{Witsenhausen1971,
author = {Witsenhausen, HS},
title = {{Separation of estimation and control for discrete time systems}},
 journal={Proceedings of the IEEE},
  volume={59},
  number={11},
  pages={1557--1566},
  year={1971}
}





@inproceedings{zhang2005logic,
  title={Logic and model checking for hidden {M}arkov models},
  author={Zhang, Lijun and Hermanns, Holger and Jansen, David N},
  booktitle={Proc. on Formal Techniques for Networked and Distributed Systems},
  pages={98--112},
  year={2005},
  publisher={Springer}
}
@inproceedings{sa2011,
address = {Aachen, Germany},
author = {Sadegh {Esmaeil Zadeh Soudjani}  and Abate, Alessandro},
booktitle = {Proc. of Quantitative Evaluation of Systems}, 
pages = {59--68},
title = {Adaptive gridding for abstraction and verification of stochastic hybrid systems},
year = {2011}
}
@book{RL_Functionapprox,
	Author = {Busoniu, L and Babuska, R and Schutter, B D and Ernst, D},
	Date-Added = {2016-07-01 2:56:12 PM +0000},
	Date-Modified = {2016-07-01 2:56:13 PM +0000},
	Publisher = {CRC Press},
	Series = {Automation and Control Engineering},
	Title = {{Reinforcement Learning and Dynamic Programming Using Function Approximators}},
	Year = {2010}}


@article{Julius2009,
author = {Julius, A. A. and Pappas, G. J.},
journal = {IEEE Trans. on Automatic Control},
month = jun,
number = {6},
pages = {1193--1203},
title = {Approximations of Stochastic Hybrid Systems},
volume = {54},
year = {2009}
}


@article{Zamani,
author={Zamani, M. and Mohajerin Esfahani, P. and Majumdar, R. and Abate, A. and Lygeros, J.},
journal={IEEE Transactions on Automatic Control},
title={Symbolic Control of Stochastic Systems via Approximately Bisimilar Finite Abstractions},
year={2014},
month={Dec},
volume={59},
number={12},
pages={3135-3150}, 
}


@article{Stoorvogel1998, 
author = {Stoorvogel, Anton A. and Saberi, Ali},
journal = {Linear Algebra Appl.},
month = {apr},
number = {1-3},
pages = {317--365},
publisher = {North-Holland},
title = {{The discrete algebraic Riccati equation and linear matrix inequality}},
volume = {274},
year = {1998}
}
@book{Boyd1994,
author = {Boyd, Stephen and {El Ghaoui}, Laurent and Feron, Eric and Balakrishnan, Venkataramanan},
 isbn = {978-0-89871-485-2},
month = {jan},
publisher = {Society for Industrial and Applied Mathematics},
title = {{Linear Matrix Inequalities in System and Control Theory}},
 year = {1994}, 
}

@article{Caines1971,
author = {Caines, P. E. and Mayne, D. Q.},
journal={International Journal of Control},
title = {{On the discrete time matrix Riccati equation of optimal control -- a correction}},
volume = {12},
number = {5},
pages = {785-794},
year = {1970},
}
@article{Caines1971a,
author = {Caines, P. E. and Mayne, D. Q.},
  journal={International Journal of Control},number = {1}, 
title = {On the discrete time matrix {R}iccati equation of optimal control},
  volume={12},
  pages={785--794},
  year={1970},
  publisher={Taylor \& Francis}
}



@article{Joseph1961,
author={Joseph, D. P. and Tou, T. J.},
journal={American Institute of Electrical Engineers, Part II: Applications and Industry, Transactions of the},
title={On linear control theory},
year={1961},
volume={80},
number={4},
pages={193-196},
month={Sept},}
@article{Wonham1968,
author = {Wonham, W. M.},
title = {On the Separation Theorem of Stochastic Control},
journal = {SIAM Journal on Control},
volume = {6},
number = {2},
pages = {312-326},
year = {1968},
 }


	@article{Girard2007,
author = {Girard, Antoine and Pappas, George J.}, 
journal = {Automatica}, 
month = {aug},
number = {8},
pages = {1307--1317},
title = {{Approximate bisimulation relations for constrained linear systems}},
volume = {43},
year = {2007}
}


@article{Kreiker2010, 
  title={Modeling, analysis, and verification-the formal methods manifesto 2010 (dagstuhl perspectives workshop 10482)},
  author={Kreiker, J{\"o}rg and Tarlecki, Andrzej and Vardi, Moshe Y and Wilhelm, Reinhard},
  journal={Dagstuhl Manifestos},
  volume={1},
  number={1},
  year={2011},
  publisher={Schloss Dagstuhl-Leibniz-Zentrum fuer Informatik}
}
@article{MichaelZhivich2015,
author={M. Zhivich and R. K. Cunningham}, 
journal={IEEE Security Privacy}, 
title={The Real Cost of Software Errors}, 
year={2009}, 
volume={7}, 
number={2}, 
pages={87-90},  
month={March},}


@book{TransportationResearchBoard2012, 
  title={The Safety Promise and Challenge of Automotive Electronics: Insights from Unintended Acceleration},
  author={{Transportation Research Board} and  {the Committee on Electronic Vehicle Controls and Unintended Acceleration}  and {National Research Council (US)} },
  volume={308},
  year={2012},
  publisher={Transportation Research Board}
}

@article{clarke1996formal,
	Author = {Clarke, Edmund M. and Wing, Jeannette M}, 	
	  journal={ACM Computing Surveys (CSUR)},
	Number = {4},
	Pages = {626--643},
	Publisher = {ACM},
	Title = {{Formal methods: State of the art and future directions}},
	Volume = {28},
	Year = {1996}}


@inproceedings{Vardi2006,
	Address = {Berlin, Heidelberg},
	Author = {Vardi, Moshe Y},
	Booktitle = {Logic and Its Applications}, 
	Pages = {89--115},
	Publisher = {Springer-Verlag},
	Title = {From philosophical to industrial logics},
	Year = {2009}}



@article{Woodcock2009,
	Author = {Woodcock, Jim and Larsen, Peter Gorm and Bicarregui, Juan and Fitzgerald, John}, 	
	  journal={ACM Computing Surveys (CSUR)},
	Month = oct,
	Number = {4},
	Pages = {1--36},
	Publisher = {ACM},
	Title = {{Formal methods}}, 
	Volume = {41},
	Year = {2009}, }

@article{Belta2007,
	Author = {Belta, Calin and Bicchi, A and Egerstedt, M and Frazzoli, E and Klavins, E and Pappas, George J.}, 
	Journal = {Robotics \& Automation Magazine, IEEE},
	Number = {1},
	Pages = {61--70},
	Title = {Symbolic planning and control of robot motion [grand challenges of robotics]},
	Volume = {14},
	Year = {2007}}

@inproceedings{TL,
	Author = {Lahijanian, M and Wasniewski, J and Andersson, S B and Belta, Calin},
  booktitle={IEEE International Conference on Robotics and Automation (ICRA)},
  	Pages = {3227--3232},
	Title = {{Motion planning and control from temporal logic specifications with probabilistic satisfaction guarantees}},
	Year = {2010}}

@inproceedings{Kouskoulas2013,
  title={Certifying the safe design of a virtual fixture control algorithm for a surgical robot},
  author={Kouskoulas, Yanni and Renshaw, David and Platzer, Andr{\'e} and Kazanzides, Peter},
  booktitle={Proceedings of the 16th international conference on Hybrid systems: computation and control},
  pages={263--272},
  year={2013},
  organization={ACM}
}

@article{Saeedloei2011a,
	Author = {Saeedloei, Neda and Gupta, Gopal},
	Journal = {ACM SIGBED Review},
	Number = {2},
	Pages = {31--34},
	Publisher = {ACM},
	Title = {A logic-based modeling and verification of {CPS}},
	Volume = {8},
	Year = {2011}}

 
@inproceedings{Yordanov2,
	Author = {Yordanov, Boyan and Batt, Gr\'{e}gory and Belta, Calin},
	Booktitle = {Europena Control Conference},
	Title = {{Model Checking Discrete-Time Piecewise Affine Systems: Application to Gene Networks}},
	Year = {2007}}

@article{Gossler2011, 
  title={Component-based modeling and reachability analysis of genetic networks},
  author={G{\"o}ssler, Gregor},
  journal={IEEE/ACM Transactions on Computational Biology and Bioinformatics},
  volume={8},
  number={3},
  pages={672--682},
  year={2011},
  publisher={IEEE}
}
@inproceedings{Desaraju2009,
title={Partial order techniques for vehicle collision avoidance: Application to an autonomous roundabout test-bed},
  author={Desaraju, Vishnu and Ro, Hyun Chul and Yang, Mark and Tay, Edwin and Roth, Stephanie and Del Vecchio, Domitilla},
  booktitle={IEEE International Conference on Robotics and Automation},
  pages={82--87},
  year={2009},
  organization={IEEE}
}


@article{Tabuada2003,
	Author = {Tabuada, Paulo and Pappas, George J.}, 
	Journal = {Hybrid Systems: Computation and Control},
	Pages = {498--513},
	Title = {Model Checking {LTL} over Controllable Linear Systems Is Decidable},
	Volume = {2623},
	Year = {2003}}

@inproceedings{LTL,
	Author = {Lahijanian, M and Andersson, S B and Belta, Calin},
	Booktitle = {Proceedings of the Conference on Decision and Control}, 
	Pages = {2236--2241},
	Title = {{A probabilistic approach for control of a stochastic system from \texttt{LTL} specifications}},
	Year = {2009}}

@article{gugercin2004survey,
  title={A survey of model reduction by balanced truncation and some new results},
  author={Gugercin, Serkan and Antoulas, Athanasios C},
  journal={International Journal of Control},
  volume={77},
  number={8},
  pages={748--766},
  year={2004},
  publisher={Taylor \& Francis}
}
@phdthesis{grimme1997krylov,
  title={Krylov Projection Methods for Model Reduction},
  author={Grimme, Eric James},
  year={1997},
  school={University of Illinois at Urbana-Champaign}
}

@article{glover1984all,
  title={All optimal Hankel-norm approximations of linear multivariable systems and their L,$\infty$-error bounds},
  author={Glover, Keith},
  journal={International journal of control},
  volume={39},
  number={6},
  pages={1115--1193},
  year={1984},
  publisher={Taylor \& Francis}
}

@article{hinrichsen1990improved,
  title={An improved error estimate for reduced-order models of discrete-time systems},
  author={Hinrichsen, D and Pritchard, AJ},
  journal={IEEE Transactions on Automatic Control},
  volume={35},
  number={3},
  pages={317--320},
  year={1990}
}

 @incollection{sontag2008input,
  title={Input to state stability: Basic concepts and results},
  author={Sontag, Eduardo D},
  booktitle={Nonlinear and optimal control theory},
  pages={163--220},
  year={2008},
  publisher={Springer}
}
@inproceedings{PolgreenWHA16,
  author    = {Elizabeth Polgreen and
               Viraj B. Wijesuriya and
               Sofie Haesaert and
               Alessandro Abate},
  title     = {Data-Efficient Bayesian Verification of Parametric Markov Chains},
  booktitle = {Quantitative Evaluation of Systems},
  series    = {Lecture Notes in Computer Science},
  volume    = {9826},
  pages     = {35--51},
  publisher = {Springer},
  year      = {2016}, 
}


@inproceedings{Mickelin2014, 
  title={Synthesis of correct-by-construction control protocols for hybrid systems using partial state information},
  author={Mickelin, Oscar and Ozay, Necmiye and Murray, Richard M},
  booktitle={2014 American Control Conference},
  pages={2305--2311},
  year={2014},
  organization={IEEE}
}

@article{Ghaemi2014,
author = {Ghaemi, Reza and Vecchio, Domitilla Del},
journal = {IEEE Trans. Automat. Contr.},
number = {4},
pages = {982--995},
title = {{Control for Safety Specifications of Systems With Imperfect Information on a Partial Order}},
volume = {59},
year = {2014}
}
@article{scherer2000linear,
  title={Linear matrix inequalities in control},
  author={Scherer, Carsten and Weiland, Siep},
  journal={Lecture Notes, Dutch Institute for Systems and Control, Delft, The Netherlands},
  volume={3},
  year={2000}
}


@article{Lesser2015, 
	Author = {Lesser, Kendra and Abate, Alessandro}, 
	Journal = {IFAC-PapersOnLine}, 
	Number = {27},
	Pages = {329--334},
	Publisher = {Elsevier B.V.},
	Title = {{Controller Synthesis for Probabilistic Safety Specifications using Observers}},
		Volume = {48},
	Year = {2015}}
	Girard2007
	
@article{Lesser2014, 
	Archiveprefix = {arXiv},
	Author = {Lesser, Kendra and Oishi, Meeko},
	Eprint = {arXiv:1401.5756v1},
	Journal = {Automatica},
	Keywords = {Hybrid systems,Optimal control,Reachability,Stochastic control},
	Number = {8},
	Pages = {1989--1998},
	Title = {{Reachability for partially observable discrete time stochastic hybrid systems}},
	Volume = {50},
	Year = {2014}, }




@article{Farahani2015, 
author = {Farahani, Samira S. and Raman, Vasumathi and Murray, Richard M.},
journal = {IFAC-PapersOnLine},
number = {27},
pages = {323--328},
title = {{Robust Model Predictive Control for Signal Temporal Logic Synthesis}},
volume = {48},
year = {2015}
}

@article{Ding2014,
author = {Ding, Xuchu and Lazar, Mircea and Belta, Calin},
journal = {Automatica},
keywords = {finite deterministic systems,model predictive control},
month = {feb},
number = {2},
pages = {399--408},
publisher = {Elsevier Ltd},
title = {{LTL receding horizon control for finite deterministic systems}},
volume = {50},
year = {2014}
}



@article{Striebel1965,
title = "Sufficient statistics in the optimum control of stochastic systems",
journal = "Journal of Mathematical Analysis and Applications",
volume = "12",
number = "3",
pages = "576 - 592",
year = "1965", 
author = "Striebel, Charlotte", 
}
@article{Davis1995,
author={Davis, M. and Zervos, M.},
journal={Automatic Control, IEEE Transactions on},
title={A new proof of the discrete-time {LQG} optimal control theorems},
year={1995},
volume={40},
number={8},
pages={1450-1453},
 month={Aug},}


@article{Ionescu1993,
abstract = {Necessary and sufficient conditions for the existence of the stabilizing solution of the algebraic Riccati equation are derived for both the continuous and the discrete-time case under the weakest possible assumptions imposed on the initial data. Both frequency-domain conditions involving an associated Popov function and time-domain conditions involving an associated matrix pencil are investigated.},
author = {Ionescu, V. and Weiss, M.}, 
journal = {Linear Algebra and its Applications},
month = nov,
pages = {173--209},
title = {{Continuous and discrete-time Riccati theory: A Popov-function approach}},
 volume = {193},
year = {1993}
}



@article{Bitmead1985,
title = "Monotonicity and stabilizability -- properties of solutions of the {R}iccati difference equation: Propositions, lemmas, theorems, fallacious conjectures and counterexamples",
journal = "Systems \& Control Letters",
volume = "5",
number = "5",
pages = "309 - 315",
year = "1985",
note = "",
author = "Robert R. Bitmead and Michel R. Gevers and Ian R. Petersen and R.John Kaye"
}







@misc{NCalg,
 title={NCAlgebra, 2015 release edition},
  author={Helton, JW and de Oliveira, MC and Stankus, M and Miller, RL},
  year={2015},
 howpublished = {\url{http://www.math.ucsd.edu/ncalg}}, 
}


@inproceedings{Haesaert2015Outputfb,
author = {Haesaert, S and Abate, A and {Van den Hof}, P M J},
year={2015},
month={Dec},
pages={6159-6164},
location={Osaka, Japan},
booktitle = {Proceedings of the Conference on Decision and Control},
title = {{Correct-by-design output feedback of LTI systems}}
}


@InProceedings{Giro2012,
  author={Giro, Sergio and Rabe, Markus N},
  title={Verification of Partial-Information Probabilistic Systems using Counterexample-Guided Refinements},
booktitle={Proceedings on Automated Technology for Verification and Analysis},
year={2012},
  pages={333--348},
  organization={},
publisher={Springer},
series={LNCS},}


@article{Chatterjee2014,
  author    = {Krishnendu Chatterjee and
               Martin Chmelik and
               Raghav Gupta and
               Ayush Kanodia},
  title     = {Qualitative Analysis of {POMDP}s with Temporal Logic Specifications
               for Robotics Applications},
  journal   = {CoRR},
  volume    = {abs/1409.3360},
  year      = {2014}, 
}








% chapter 7

@article{Hjalmarsson2009,
	Author = {Hjalmarsson, H{\aa}kan},
  journal={European journal of control},
	Number = {3},
	Pages = {275--310},
	Title = {System Identification of Complex and Structured Systems},
	Volume = {15},
	Year = {2009}}
	
	
@article{Bombois2006,
	Author = {Bombois, Xavier and Scorletti, G. and Gevers, Michel and {Van den Hof}, P.M.J. and Hildebrand, R.},
	Journal = {Automatica},
	Number = {10},
	Pages = {1651--1662},
	Title = {{Least costly identification experiment for control}},
	Volume = {42},
	Year = {2006}}

@article{Rojas2007,
	Author = {Rojas, Cristian R. and Welsh, James S. and Goodwin, Graham C. and Feuer, Arie},
	Journal = {Automatica},
	Number = {6},
	Pages = {993--1008},
	  publisher={Elsevier},
	Title = {{Robust optimal experiment design for system identification}},
	Volume = {43},
	Year = {2007}}
	
@phdthesis{CLarsson2014,
  title={Application-oriented experiment design for industrial model predictive control},
  author={Larsson, Christian A},
  year={2014},
  school={KTH}
}
@article{Gevers1944,
	  title={Optimal experiment design for open and closed-loop system identification},
  author={Gevers, Michel and Bombois, Xavier and Hildebrand, Roland and Solari, Gabriel},
  journal={Communications in Information and Systems},
  volume={11},
  number={3},
  pages={197-224},
  year={2011},
  PUBLISHER = {{International Press of Boston, Inc.}},
}



 @article{Stigter2006,
author = {Stigter, J. D. and Vries, D. and Keesman, K. J.},
journal = {AIChE J.},
keywords = {identification,optimal input design,recursive},
number = {9},
pages = {3290--3296},
title = {{On adaptive optimal input design: a bioreactor case study}},
volume = {52},
year = {2006}
}
@book{Shanmugan1988,
	Author = {Shanmugan, K. Sam and Breipohl, Arthur M.},
	Title = {{Random Signals: Detection, Estimation and Data Analysis}},
	Year = {1988}, 
	 publisher={Wiley}}
	 @article{Reachavoid,
 author =    {S. Summers and J. Lygeros},
 title =     {Verification of discrete time stochastic hybrid systems: A stochastic reach-avoid decision problem},
 journal =   {Automatica},
 volume =    {46},
 year =      {2010},
 pages =     {1951--1961},
 issue =     {12},}
 @article{Bertsekas2,
author = {Bertsekas, Dimitri},
journal = {J. Control Theory Appl.},
number = {3},
pages = {310--335},
publisher = {South China University of Technology and Academy of Mathematics and Systems Science, CAS},
title = {{Approximate policy iteration: a survey and some new methods}},
volume = {9},
year = {2011}
}

@article{Haesaert2014,
archivePrefix = {arXiv},
arxivId = {1409.0553},
author = {Haesaert, Sofie and Babuska, Robert and Abate, Alessandro},
eprint = {1409.0553},
  volume    = {abs/1409.0553},
month = {sep},
  journal   = {CoRR},
title = {{Sampling-based Approximations with Quantitative Performance for the Probabilistic Reach-Avoid Problem over General Markov Processes}},
year = {2014}
}

@article{Goodwin1973,
author = { G.C. Goodwin  and  J. C.   Murdoch  and  R. L.   Payne },
title = {Optimal test signal design for linear {S.I.S.O.} system identification},
journal = {International Journal of Control},
volume = {17},
number = {1},
pages = {45-55},
year = {1973}, 
}


@article{Hjalmarsson2002,
author = {Hjalmarsson, H{\aa}kan},  
  journal={International journal of adaptive control and signal processing},
month = {jun},
number = {5},
pages = {373--395},
title = {{Iterative feedback tuning an overview}}, 
volume = {16},
  publisher={Wiley Online Library},
year = {2002}
}

@INPROCEEDINGS{XBomboisDetection2012, 
author={A. Mesbah and X. Bombois and M. Forgione and J. H. A. Ludlage and P. E. Mod\`en and H. Hjalmarsson and P. M. J. {Van den Hof}}, 
booktitle={51st IEEE Conference on Decision and Control (CDC)}, 
title={A unified experiment design framework for detection and identification in closed-loop performance diagnosis}, 
year={2012}, 
pages={2152-2157},   
month={Dec},}

@article{Mesbah2012,
  title={Experiment design for closed-loop performance diagnosis},
  author={Mesbah, Ali and Bombois, Xavier and Ludlage, Jobert H A and {Van den Hof}, Paul M J},
  journal={IFAC Proceedings Volumes},
  volume={45},
  number={16},
  pages={1341--1346},
  year={2012},
  publisher={Elsevier}
}

 @article{Mesbah2015,
  title={Least costly closed-loop performance diagnosis and plant re-identification},
  author={Mesbah, A and Bombois, X and Forgione, M and Hjalmarsson, H{\aa}kan and {Van den Hof}, P M J },
  journal={International Journal of Control},
  volume={88},
  number={11},
  pages={2264--2276},
  year={2015},
  publisher={Taylor \& Francis}
}


 
	 % Chapter 6
@ARTICLE{AHW12,
        AUTHOR = {A. Abate and R. C. Hillen and S. A. Wahl},
        TITLE = {Piecewise Affine Approximation of fluxes and enzyme kinetics from in-vivo $^{13}${C} labeling experiments},
        JOURNAL = {International Journal of Robust and Nonlinear Control}, 	              
        YEAR = {2012},
        PAGES = {1120--1139},        
        NOTE = {Special Issue on System Identification for Biological Systems}, 
}; 
@article{hjalmarsson2005experiment,
	Author = {Hjalmarsson, Hakan},
	Journal = {Automatica},
	Pages = {393--438},
	Publisher = {Elsevier},
	Title = {{From experiment design to closed-loop control}},
	Year = {2005},
}

@article{Wald1945,
	 title={Sequential Tests of Statistical Hypotheses},
  author={Wald, A},
  journal={The Annals of Mathematical Statistics},
  volume={16},
  number={2},
  pages={117--186},
  year={1945},
  publisher={JSTOR}
}


@article{Cooley2001,
	Author = {Cooley, B L and Lee, J H}, 
	Journal = {Automatica},
	Title = {{Control-relevant experiment design for multivariable systems described by expansions in orthonormal bases}},	Year = {2001} }

@book{ljung1998system,
	Author = {Ljung, Lennart}, 
	Edition = {2nd},
	Publisher = {PTR Prentice Hall},
	Title = {System identification - Theory for the user},
	Year = {1999}}


	@article{van1995identification,
	Author = {{Van den Hof}, Paul M J and Schrama, Ruud J P }, 
	Journal = {Automatica},
	Keywords = {Identification}, 
	Number = {12},
	Pages = {1751--1770},
	Publisher = {Elsevier},
	Title = {{Identification and control---closed-loop issues}},
	Volume = {31},
	Year = {1995}}
	

@article{pronzato2000adaptive,
	Author = {Pronzato, Luc}, 
	Journal = {Annals of Statistics},
	Pages = {1743--1761},
	Publisher = {JSTOR},
	Title = {Adaptive optimization and {D}-optimum experimental design},
	Year = {2000}}

@article{pronzato1988robust,
	Author = {Pronzato, Luc and Walter, {\'E}ric}, 
	Journal = {Mathematical Biosciences},
	Number = {2},
	Pages = {161--176},
	Publisher = {Elsevier},
	Title = {Robust experiment design via maximin optimization},
	Volume = {89},
	Year = {1988}}


@article{Gerencser2009623,
	Author = {Laszlo Gerencs{\'{e}}r and Hakan Hjalmarsson and Jonas Martensson},  
	Journal = {Automatica},
	Keywords = {Adaptive control},
	Number = {3},
	Pages = {623 - 633},
	Title = {Identification of {ARX} systems with non-stationary inputs -- asymptotic analysis with application to adaptive input design},
	Volume = {45},
	Year = {2009}}

@article{hjalmarsson1996model,
	Author = {Hjalmarsson, Hakan and Gevers, Michel and {De Bruyne}, Franky},
	Journal = {Automatica}, 
	Number = {12},
	Pages = {1659--1673},
	Publisher = {Elsevier},
	Title = {{For model-based control design, closed-loop identification gives better performance}},
	Volume = {32},
	Year = {1996}}


@article{Pronzato2008303,
	Author = {Luc Pronzato},
	Journal = {Automatica}, 
	Number = {2},
	Pages = {303 - 325},
	Title = {Optimal experimental design and some related control problems},
	Volume = {44},
	Year = {2008},  publisher={Elsevier} }

@article{pronzato1985robust,
	Author = {Pronzato, Luc and Walter, {\'E}ric}, 
	Journal = {Mathematical Biosciences},
	Number = {1},
	Pages = {103--120},
	Publisher = {Elsevier},
	Title = {Robust experiment design via stochastic approximation},
	Volume = {75},
	Year = {1985}}
	
@phdthesis{jansson2004experiment,
author={Jansson, Henrik}, 
title={Experiment design with applications in identification for control}, 
publisher={Signaler, sensorer och system}, 
address={Stockholm}, 
school={KTH},
year={2004}, 
ISBN={91-7283-905-8}, 
}


@inproceedings{Hildebrand2003,
	Author = {Hildebrand, Roland and Gevers, Michel},
  booktitle={Proceedings of 13th IFAC Symposium on System Identification},
	Pages = {665--670},
	Title = {{Minimizing the worst-case $\nu$-gap by optimal input design}},
	Year = {2003}}

@book{Anderson2005,
  title={Optimal filtering},
  author={Anderson, Brian DO and Moore, John B},
  year={2012},
  publisher={Courier Corporation}
}


@article{hildebrand2003siam,
author = {Roland Hildebrand and Michel Gevers},
title = {Identification For Control: Optimal Input Design With Respect To A Worst-Case \$\nu\$-gap Cost Function},
journal = {SIAM Journal on Control and Optimization},
volume = {41},
number = {5},
pages = {1586-1608},
year = {2002},
doi = {10.1137/S0363012901399866},

URL = { 
        https://doi.org/10.1137/S0363012901399866
    
},
eprint = { 
        https://doi.org/10.1137/S0363012901399866
    
}

}

@article{barenthin2008identification,
	Author = {Barenthin, M{\"a}rta and Bombois, Xavier and Hjalmarsson, H{\aa}kan and Scorletti, G{\'e}rard}, 
	Journal = {Automatica},
	Number = {12},
	Pages = {3070--3078},
	Publisher = {Elsevier},
	Title = {Identification for control of multivariable systems: Controller validation and experiment design via LMIs},
	Volume = {44},
	Year = {2008}}

@inproceedings{Gerencsercdc,
	Author = {L. Gerencs\'{e}r and H. Hjalmarsson},
	Booktitle = {Proceedings of the 44th IEEE Conference on Decision and Control}, 
	Month = {Dec},
	Pages = {4988-4993},
	Title = {Adaptive input design in system identification},
	Year = {2005}, }




 @article{Bombois2011,
author = {Bombois, X and Dekker, A J Den and Rojas, C R and Hjalmarsson, H},
  journal={IFAC Proceedings Volumes},
  title={Optimal experiment design for hypothesis
testing applied to functional magnetic
resonance imaging},
  volume={44},
  number={1},
  pages={9953--9958},
  year={2011},
  publisher={Elsevier}
}

@inproceedings{DBLP:conf/sas/CattaruzzaASK15,
   title={Unbounded-Time Analysis of Guarded LTI Systems with Inputs by Abstract Acceleration},
  author={Cattaruzza, Dario and Abate, Alessandro and Schrammel, Peter and Kroening, Daniel},
  booktitle={International On Static Analysis},
  pages={312--331},
  year={2015},
  organization={Springer}
}

@incollection{Batt2007,
	Author = {Batt, Gregory and Belta, Calin and Weiss, Ron},
	Booktitle = {HSCC},
	Pages = {61-75},
	Publisher = {Springer},
	Title = {Model Checking Genetic Regulatory Networks with Parameter Uncertainty},
	Year = {2007},}

@incollection{Henzinger1996,
	Author = {Henzinger, ThomasA. and Wong-Toi, Howard},
	Booktitle = {Formal Methods for Industrial Applications},
	Doi = {10.1007/BFb0027241},
	Pages = {265-282},
	Publisher = {Springer Berlin Heidelberg},
	Title = {Using HyTech to synthesize control parameters for a steam boiler}, 
	Year = {1996},
}

@article{Bortolussi2014,  
  author    = {Luca Bortolussi and
               Guido Sanguinetti},
  title     = {Smoothed Model Checking for Uncertain Continuous Time {M}arkov Chains},
  journal   = {CoRR},
  volume    = {abs/1402.1450},
  year      = {2014}
}


@incollection{Ceska,
	Author = {Brim, L and \v{C}e\v{s}ka, M and Dra\v{z}an, S and \v{S}afr\'{a}nek, D.},
booktitle={CAV},
	Pages = {1--17},
	Title = {{Exploring parameter space of stochastic biochemical systems using quantitative model checking}},
volume={8044},
series={LNCS},
publisher={Springer},
editor={Sharygina, Natasha and Veith, Helmut},
	Year = {2013}}
	
	@incollection{sen2004statistical,
	Author = {Sen, Koushik and Viswanathan, Mahesh and Agha, Gul},
	Booktitle = {CAV},
	Editor = {Alur, Rajeev and Peled, DoronA.},
	Pages = {202-215},
	Publisher = {Springer},
	Series = {LNCS},
	Title = {Statistical Model Checking of Black-Box Probabilistic Systems},
	Volume = {3114},
	Year = {2004}}
	
	@inproceedings{Sen2004,
	Author = {Koushik Sen and Viswanathan, M. and Agha, Gul},
	Booktitle = {QEST},
	Date-Modified = {2014-09-19 14:20:32 +0000},
	Doi = {10.1109/QEST.2004.1348029},
		Pages = {146-155},
	Title = {Learning continuous time {M}arkov chains from sample executions},
	Year = {2004}}



@article{Bartocci2013,
  author    = {Ezio Bartocci and
               Luca Bortolussi and
               Guido Sanguinetti},
  title     = {Learning Temporal Logical Properties Discriminating {ECG} models of
               Cardiac Arrhytmias},
  journal   = {CoRR},
  volume    = {abs/1312.7523},
  year      = {2013}, 
}



@incollection{bortolussi:learning,
	Author = {Bortolussi, Luca and Sanguinetti, Guido},
	Booktitle = {QEST},
	Pages = {89-105},
	Publisher = {Springer},
	Title = {Learning and Designing Stochastic Processes from Logical Constraints}, 
	Year = {2013}}


@article{Gyori2014,
  author    = {Benjamin M. Gyori and
               Daniel Paulin and
               Sucheendra K. Palaniappan},
  title     = {Probabilistic verification of partially observable dynamical systems},
  journal   = {CoRR},
  volume    = {abs/1411.0976},
  year      = {2014}
}


@book{heuberger2005modelling,
	Author = {Heuberger, Peter S C and {Van den Hof}, Paul M J and Wahlberg, Bo}, 
	Publisher = {Springer London},
	Title = {{Modelling and identification with rational orthogonal basis functions}},
	Year = {2005}}
	


@inproceedings{Virk1994,
author = {Virk, G. S. and Loveday, D. L.},
booktitle = {Conf. on Control Applications},
pages = {1861-1866},
publisher = {IEEE},
title = {{Model-based control for HVAC applications}},
year = {1994}
}

	@inproceedings{CDCSofie,
author = {Haesaert, Sofie and {Van den Hof}, Paul M. J. and Abate,  Alessandro},
title={Data-driven and model-based verification: A Bayesian identification approach}, 
  booktitle={2015 54th IEEE Conference on Decision and Control (CDC)},
  pages={6830--6835},
  year={2015},
  organization={IEEE}
}


@inproceedings{ACCSofie,
  author    = {Sofie Haesaert and
               Paul M. J. {Van den Hof} and
               Alessandro Abate},
  title     = {Data-driven property verification of grey-box systems by {Bayesian}
               experiment design},
  booktitle = {American Control Conference},
  pages     = {1800--1805},
  date={July 1-3},
  year      = {2015}, 
}

@article{Lindley2011,
	Author = {Lindley, Dennis V.},
	Journal = {Journal of the Royal Statistical Society: Series D (The Statistician)},
	Pages = {293--337},
	Publisher = {Blackwell Publishers Ltd},
	Title = {The Philosophy of Statistics},
	Year = {2000}}

@article{Zuliani2013a,
	Author = {Zuliani, Paolo and Platzer, Andr\'{e} and Clarke, Edmund M.},
	Journal = {Formal Methods in System Design},
	Pages = {338-367},
	Publisher = {Springer US},
	Title = {Bayesian statistical model checking with application to {S}tateflow/{S}imulink verification},
	Year = {2013}}
	@incollection{Frehse2008,
	Author = {Frehse, Goran and Jha, Sumit Kumar and Krogh, Bruce H.},
	Booktitle = {HSCC},
	Pages = {187-200},
	Publisher = {Springer Berlin Heidelberg},
	Title = {A Counterexample-Guided Approach to Parameter Synthesis for Linear Hybrid Automata},
	Year = {2008}}
	
	
@article{Peterka1981a,
author = {Peterka, V}, 
journal = {Trends Prog. Syst. Identif.},
title = {{Bayesian Approach to System Identification}}, 
year = {1981}
}


@article{Baier2008,
	Author = {Baier, Christel and Katoen, Joost-Pieter}, 
	Journal = {MIT Press},
Title = {{Principles of model checking}},	Year = {2008},
	}
	
	
	@inproceedings{Reginato2009,
  TITLE = {Predicting the Temperature Profile of Indoor Buildings by using Orthonormal Basis Functions},
  AUTHOR = {Reginato, B. C. and Freire, R. Z. and Oliveira, G. H. Da Costa and Mendes, N. and Abadie, Marc, O.}, 
  BOOKTITLE = {Conf. on Building Performance Simulation Association},
  ADDRESS = {United Kingdom},
  YEAR = {2009}}
  
  
  
@article{Heuberger1995,
	Author = {Heuberger, P. S C and {Van den Hof}, P. M J and Bosgra, O. H.},
	volume = {40},
	Journal = {Automatic Control, IEEE Transactions on},
	Number = {3},
	Pages = {451-465},
	Title = {A generalized orthonormal basis for linear dynamical systems},	Year = {1995}}

  @article{van1995system,
	Address = {Tarrytown, NY, USA},
	Author = {{Van den Hof}, Paul M. J. and Heuberger, Peter S. C. and Bokor, J\'{o}zsef},
	Journal = {Automatica},
	Pages = {1821--1834},
	Publisher = {Pergamon Press, Inc.},
	Title = {System Identification with Generalized Orthonormal Basis Functions},
	Year = {1995}}
	
	
	@book{Blanchini2007,
author = {Blanchini, Franco and Miani, Stefano},
 title = {Set-Theoretic Methods in Control},
 year = {2007},
 edition = {1st},
 publisher = {Birkh{\"{a}}user Basel},
} 


@inproceedings{FrehseLGDCRLRGDM11,
   title = {SpaceEx: Scalable Verification of Hybrid Systems},
   author = {Frehse, Goran and Le Guernic, Colas and Donz\'e, Alexandre and Cotton, Scott and Ray, Rajarshi and Lebeltel, Olivier and Ripado, Rodolfo and Girard, Antoine and Dang, Thao and Maler, Oded},
   editor = {Ganesh Gopalakrishnan, Shaz Qadeer},
   booktitle = {Proc. 23rd International Conference on Computer Aided Verification (CAV)},
   publisher = {Springer},
   series = {LNCS},
   team = {TEMPO},
   year = {2011}  }

	@inproceedings{belta2002control,
	Author = {Belta, C. and Habets, L. C G J M and Kumar, V.},
	Booktitle = {Conf.on CDC},
	Pages = {534-539},
	Title = {Control of multi-affine systems on rectangles with applications to hybrid biomolecular networks},
	Year = {2002}}
	
@inproceedings{Henriques2012,
	Author = {Henriques, D. and Martins, J. G. and Zuliani, P. and Platzer, A. and Clarke, E. M.},
	Booktitle = {QEST}, 
	Pages = {84-93},
	Title = {Statistical Model Checking for {M}arkov Decision Processes},
	Year = {2012}}
	
	
 @article{Legay2013,
	author    = {Axel Legay and Sean Sedwards},
  title     = {Lightweight {M}onte {C}arlo Algorithm for {M}arkov Decision Processes},
  journal   = {CoRR},
  year      = {2013},
  volume    = {abs/1310.3609}, 
}


@inproceedings{Chen2012,
	Author = {Yingke Chen and Thomas Dyhre Nielsen},
	booktitle={Conference on Machine Learning and Applications}, 
	Pages = {289-294},
	Title = {Active Learning of {M}arkov Decision Processes for System Verification},
	year={2012}}
	@inproceedings{Mao2012a,
	Author = {Mao, H and Jaeger, M},
	Booktitle = {Proc. of Asian Conference on Machine Learning},
		Title = {Learning and Model-Checking Networks of {I/O} Automata.},
	Year = {2012}}
	
@incollection{Legay,
	Author = {Legay, Axel and Delahaye, Beno{\^\i}t and Bensalem, Saddek},
	Booktitle = {Runtime Verification},  
	Editor = {Barringer, Howard and Falcone, Ylies and Finkbeiner, Bernd and Havelund, Klaus and Lee, Insup and Pace, Gordon and Ro{\c s}u, Grigore and Sokolsky, Oleg and Tillmann, Nikolai}, 
	Pages = {122-135},
	Publisher = {Springer Berlin Heidelberg},
	Series = {LNCS},
	Title = {Statistical Model Checking: An Overview}, 
	Volume = {6418},
	Year = {2010}, }



% Chapter 3
@incollection{bcAKNP14,
	Author = {A. Abate and M. Kwiatkowska and G. Norman and D. Parker},
	Booktitle = {Horizons of the Mind -- {P. P}anangaden Festschrift},
	Pages = {40--58},
	Publisher = {Springer Verlag},
	Title = {Probabilistic Model Checking of Labelled {M}arkov Processes via Finite Approximate Bisimulations},
	Year = {2014}}



@incollection{Alur1998,
	Address = {Berlin, Heidelberg},
	Author = {Alur, Rajeev and Henzinger, Thomas A. and Kupferman, Orna and Vardi, Moshe Y.},
	Booktitle = {Proceedings on Concurrency Theory (CONCUR'98)},
	Editor = {Sangiorgi, Davide and de Simone, Robert},
	Isbn = {978-3-540-68455-8},
	Pages = {163--178},
	Publisher = {Springer Berlin Heidelberg},
	Title = {Alternating refinement relations},
	Year = {1998}}
	
	
	@article{Desharnais2002,
	Author = {Desharnais, Jos{\'{e}}e and Edalat, Abbas and Panangaden, Prakash}, 
	Journal = {Inf. Comput.},
	Number = {2},
	Pages = {163--193},
	Title = {{Bisimulation for labelled Markov processes}},
	Volume = {179},
	Year = {2002}} 
	
	
@article{Desharnais2003,
	Author = {Desharnais, Jos{\'{e}}e and Gupta, Vineet and Jagadeesan, Radha and Panangaden, Prakash},
	Journal = {Inf. Comput.},
	Month = {jul},
	Number = {1},
	Pages = {160--200},
	Publisher = {Academic Press, Inc.},
	Title = {{Approximating labelled Markov processes}},
	Volume = {184},
	Year = {2003}}
	
	@book{Bible,
	Author = {Bertsekas, Dimitri and Shreve, S E}, 
	Publisher = {Athena Scientific},
	Title = {{Stochastic Optimal control : The discrete time case}},
	Year = {1996}}
	
@book{lindvall2002lectures,
	Author = {Lindvall, Torgny},
	Publisher = {Courier Corporation},
	Title = {Lectures on the coupling method},
	Year = {2002}}
	
	
	@article{skala1993,
	Author = {Skala, Heinz J.},
	Fjournal = {The Annals of Probability},
	Journal = {Ann. Probab.},
	Month = {01},
	Number = {1},
	Pages = {136--142},
	Publisher = {The Institute of Mathematical Statistics},
	Title = {The Existence of Probability Measures with Given Marginals},
	Volume = {21},
	Year = {1993}}
	
	
@article{strassen1965,
	Author = {Strassen, V.},
	Fjournal = {The Annals of Mathematical Statistics},
	Journal = {Ann. Math. Statist.},
	Month = {04},
	Number = {2},
	Pages = {423--439},
	Publisher = {The Institute of Mathematical Statistics},
	Title = {The Existence of Probability Measures with Given Marginals},
	Volume = {36},
	Year = {1965}}
	
	
	@book{bogachev2007measure,
	Author = {Bogachev, Vladimir I},
	Publisher = {Springer Science \& Business Media},
	Title = {Measure theory},
	Year = {2007}}
	
	@article{Girard2009,
	Author = {Girard, Antoine and Pappas, George J.},
	Journal = {Automatica},
	Number = {2},
	Pages = {566--571},
	Publisher = {Elsevier},
	Title = {{Hierarchical control system design using approximate simulation}},
	Volume = {45},
	Year = {2009}}
	
	@book{borkar2012probability,
	Author = {Borkar, Vivek S},
	Publisher = {Springer Verlag},
	Title = {Probability theory: an advanced course},
	Year = {2012}}
	
	
 
	
	@article{Edalat1999a,
  title={Semi-pullbacks and bisimulation in categories of Markov processes},
  author={Edalat, Abbas},
  journal={Mathematical Structures in Computer Science},
  volume={9},
  number={05},
  pages={523--543},
  year={1999},
  publisher={Cambridge Univ Press}
}
	
 
	
	@inproceedings{Holub2013,
	Author = {Holub, Ondrej and Macek, Karel},
	Booktitle = {Symp. Intelligent Signal Processing},
	Month = sep,
	Pages = {93--96},
	Publisher = {IEEE},
	Title = {{HVAC simulation model for advanced diagnostics}},
	Year = {2013}}

	@inproceedings{Jr2010,
	Author = {{Mazo Jr}, Manuel and Davitian, Anna and Tabuada, Paulo},
	Booktitle = {Work-in-progress HSCC},
	Title = {{PESSOA: towards the automatic synthesis of correct-by-design control software}},
	Year = {2010}}
	@article{Bacher2011,
	Author = {Bacher, Peder and Madsen, Henrik},
	Journal = {Energy Build.},
	Keywords = {Buildings,Continuous time modelling,Grey-box models,Heat dynamics,Likelihood ratio tests,Lumped models,Model selection,Parameter estimation,Thermal dynamics},
	Number = {7},
	Pages = {1511--1522},
	Publisher = {Elsevier B.V.},
	Title = {{Identifying suitable models for the heat dynamics of buildings}},
	Volume = {43},
	Year = {2011}}
	
@misc{cvx,
	Author = {Michael Grant and Stephen Boyd},
	Howpublished = {\url{http://cvxr.com/cvx}},
	Month = mar,
	Title = {{CVX}: Matlab Software for Disciplined Convex Programming, version 2.1},
	Year = 2014}
	
	@inproceedings{Blute1997,
	Author = {Blute, Richard and Desharnais, Jos{\'e}e and Edalat, Abbas and Panangaden, Prakash},
	Booktitle = {Logic in Computer Science, 1997. LICS'97. Proceedings., 12th Annual IEEE Symposium on},
	Organization = {IEEE},
	Pages = {149--158},
	Title = {Bisimulation for labelled Markov processes},
	Year = {1997}}
	
	@inproceedings{Desharnais1998,
	Author = {Desharnais, Jos{\'e}e and Edalat, Abbas and Panangaden, Prakash},
	Booktitle = {Logic in Computer Science, 1998. Proceedings. Thirteenth Annual IEEE Symposium on},
	Organization = {IEEE},
	Pages = {478--487},
	Title = {A logical characterization of bisimulation for labeled Markov processes},
	Year = {1998}}
	
	
	@book{therrien1992discrete,
	Author = {Therrien, Charles W},
	Publisher = {Prentice Hall},
	Title = {Discrete random signals and statistical signal processing},
	Year = {1992}}
	
@book{Boyd2004,
	Address = {Cambridge},
	Author = {Boyd, Stephen and Vandenberghe, Lieven},
	Isbn = {9780511804441},
	Publisher = {CUP},
	Title = {{Convex Optimization}},
	Year = {2004}}
	
	@article{art2014,
	Author = {A. Abate and F. Redig and I. Tkachev},
	Journal = {Statistics \& Probability Letters},
	Title = {On the effect of perturbation of conditional probabilities in total variation},
	Year = {2014}} 
	
	
	@book{hll1996,
	Author = {Hern{\'a}ndez-Lerma, O. and Lasserre, J. B.},
	Publisher = {Springer Verlag},
	Series = {Applications of Mathematics (New York)},
	Title = {Discrete-time {M}arkov control processes},
	Volume = {30},
	Year = {1996}}
	
	@book{mt1993,
	Author = {Meyn, S. P. and Tweedie, R. L.},
	Publisher = {Springer-Verlag London Ltd.},
	Series = {Communications and Control Engineering Series},
	Title = {Markov chains and stochastic stability},
	Year = {1993}}
	
	
	@book{Tabuada2009b,
	Author = {Tabuada, Paulo},
	Publisher = {Springer US},
	Title = {{Verification and control of hybrid systems}},
	Year = {2009}}
	
@incollection{Zhang2010a,
	Author = {Zhang, Chenyi and Pang, Jun},
	Booktitle = {Theoretical Computer Science},
	Editor = {Calude, CristianS. and Sassone, Vladimiro},
	Isbn = {978-3-642-15239-9},
	Language = {English},
	Pages = {71-85},
	Publisher = {Springer Berlin Heidelberg},
	Series = {IFIP Advances in Information and Communication Technology},
	Title = {On Probabilistic Alternating Simulations},
	Volume = {323},
	Year = {2010}}
	
	
@incollection{FAUST13,
	Author = {S. {Esmaeil Zadeh Soudjani} and C. Gevaerts and A. Abate},
	Booktitle = {Tools and Algorithms for the Construction and Analysis of Systems (TACAS)},
	Pages = {272--286},
	Publisher = {Springer Berlin Heidelberg},
	Series = {Lecture Notes in Computer Science},
	Title = {{FAUST $^2$: Formal Abstractions of Uncountable-STate STochastic Processes}},
	Year = {2015}}

@article{Segala1995a,
	Author = {Segala, Roberto and Lynch, Nancy},
	Journal = {Nordic Journal of Computing},
	Title = {{Probabilistic simulations for probabilistic processes}},
	Year = {1995}}
@article{Desharnais2008,
	Author = {Desharnais, Jos\'{e}e and Laviolette, Fran\c{c}ois and Tracol, Mathieu},
	Isbn = {978-0-7695-3360-5},
	Journal = {Conf. on Quantitative Evaluation of Systems},
	Month = sep,
	Pages = {264--273},
	Publisher = {{IEEE}},
	Title = {Approximate Analysis of Probabilistic Processes: Logic, Simulation and Games},
	Year = {2008}}
	
	@inproceedings{cDAK12,
	Author = {A. D'Innocenzo and A. Abate and J.-P. Katoen},
	Booktitle = {Proceedings of the 15th ACM international conference on Hybrid Systems: computation and control},
	Pages = {275--285},
	Title = {Robust {PCTL} Model Checking},
	Year = {2012}}
	
	@article{Julius2009a,
	Author = {Julius, A A and Pappas, G J},
	Journal = {IEEE Transactions on Automatic Control},
	Title = {{Approximations of stochastic hybrid systems}},
	Year = {2009}}
	
	@article{ZMMAL14,
	Author = {M. Zamani and P. Mohajerin Esfahani and R. Majumdar and A. Abate and J. Lygeros},
	Journal = {IEEE Transactions on Automatic Control},
	Number = {12},
	Pages = {3135-3150},
	Title = {Symbolic control of stochastic systems via approximately bisimilar finite abstractions},
	Volume = {59},
	Year = {2014}}
	
	
	@article{desharnais2004metrics,
	Author = {Desharnais, Jos{\'e}e and Gupta, Vineet and Jagadeesan, Radha and Panangaden, Prakash},
	Journal = {Theoretical Computer Science},
	Number = {3},
	Pages = {323--354},
	Publisher = {Elsevier},
	Title = {Metrics for labelled {M}arkov processes},
	Volume = {318},
	Year = {2004}}
	
	
	@article{Abate2011,
	Author = {Abate, Alessandro},
	Journal = {ENTCS},
	Pages = {3--25},
	Publisher = {Elsevier},
	Title = {Approximation metrics based on probabilistic bisimulations for general state-space {M}arkov processes: a survey},
	Volume = {297},
	Year = {2013}}
	
@article{larsen1991bisimulation,
	Author = {Larsen, Kim Guldstrand and Skou, Arne},
	Journal = {Information and Computation},
	Number = {1},
	Pages = {1--28},
	Title = {Bisimulation through Probabilistic Testing},
	Volume = {94},
	Year = {1991}}
	
@phdthesis{Segala1995,
	Author = {Segala, Roberto},
	School = {Massachusetts Institute of Technology},
	Title = {Modeling and Verification of Randomized Distributed Real-Time Systems},
	Year = {1995}}
	
@article{Abate1, 
	Author = {Abate, Alessandro and Prandini, Maria and Lygeros, J and Sastry, S},
	Journal = {Automatica}, 
	Number = {11},
	Pages = {2724--2734},
	Title = {{Probabilistic Reachability and Safety for Controlled Discrete Time Stochastic Hybrid Systems}},
	Volume = {44},
	Year = {2008}}
	
	
@article{SAID,
	Author = {Sadegh {Esmaeil Zadeh Soudjani} and Alessandro Abate},
	Journal = {SIAM Journal on Applied Dynamical Systems},
	Number = {2},
	Pages = {921-956},
	Title = {Adaptive and Sequential Gridding Procedures for the Abstraction and Verification of Stochastic Processes},
	Volume = {12},
	Year = {2013}}